<record><leader>00000cas a22000007a 4500</leader><controlfield tag="001">16897417</controlfield><controlfield tag="008">871026d18881949ohuwr ne      0    0eng d</controlfield><datafield ind1=" " ind2=" " tag="010"><subfield code="a">sn 87076753 </subfield></datafield><datafield ind1=" " ind2=" " tag="040"><subfield code="a">ONP</subfield><subfield code="b">eng</subfield><subfield code="c">ONP</subfield><subfield code="d">OCLCQ</subfield></datafield><datafield ind1=" " ind2=" " tag="042"><subfield code="a">msc</subfield></datafield><datafield ind1="0" ind2="0" tag="245"><subfield code="a">Paulding County Republican.</subfield></datafield><datafield ind1=" " ind2=" " tag="260"><subfield code="a">Paulding, Ohio :</subfield><subfield code="b">A. Durfey,</subfield><subfield code="c">1888-</subfield></datafield><datafield ind1=" " ind2=" " tag="310"><subfield code="a">Weekly</subfield></datafield><datafield ind1="0" ind2=" " tag="362"><subfield code="a">Vol. 1, no. 1 (Aug. 30, 1888)-v. 61, no. 11 (Nov. 10, 1949).</subfield></datafield><datafield ind1=" " ind2=" " tag="752"><subfield code="a">United States</subfield><subfield code="b">Ohio</subfield><subfield code="c">Paulding</subfield><subfield code="d">Paulding.</subfield></datafield><datafield ind1="0" ind2="7" tag="785"><subfield code="t">Paulding Democrat</subfield><subfield code="w">(DLC)sn 87076752</subfield></datafield><datafield ind1="0" ind2="7" tag="785"><subfield code="t">Paulding progress</subfield><subfield code="w">(DLC)sn 87076754</subfield></datafield></record>